@online{dig,
    author    = "DigiCert",
    title     = "The Math Behind Estimations to Break a 2048-bit Certificate",
    url       = "https://www.digicert.com/TimeTravel/math.htm"
}

@online{rsa,
    author    = "Sourabh Somani",
    title     = "RSA Algorithm with C\#",
    url       = "https://www.c-sharpcorner.com/UploadFile/75a48f/rsa-algorithm-with-C-Sharp2/",
}

@online{nist,
    author    = "NIST",
    title     = "Post-Quantum Cryptography",
    url       = "https://csrc.nist.gov/Projects/Post-Quantum-Cryptography/Workshops-and-Timeline"
}

@online{aes,
    author    = "Mohit Arora",
    title     = "How secure is AES against brute force attacks?",
    url       = "https://www.eetimes.com/document.asp?doc_id=1279619"
}

@online{qubits,
    author    = "Abigail Beall and Matt Reynolds",
    title     = "What are quantum computers and how do they work? WIRED explains",
    url       = "http://www.wired.co.uk/article/quantum-computing-explained"
}

@online{qubit,
    author    = "Eyeres",
    title     = "Google Introduces OpenFermion, A Software To Ease Scientists In Using Quantum Computers",
    url       = "https://www.eyerys.com/articles/news/google-introduces-openfermion-software-ease-scientists-using-quantum-computers"
}

@online{google,
    author    = "Quentin Hardy",
    title     = "Google Buys a Quantum Computer",
    url       = "https://bits.blogs.nytimes.com/2013/05/16/google-buys-a-quantum-computer/"
}

@online{shor,
    author    = "Stephanie Blanda",
    title     = "Shor’s Algorithm – Breaking RSA Encryption",
    url       = "https://blogs.ams.org/mathgradblog/2014/04/30/shors-algorithm-breaking-rsa-encryption/"
}

@online{shorspeedup,
    author    = "IBM",
    title     = "Shor’s algorithm",
    url       = "https://www.qiskit.org/ibmqx-user-guides/full-user-guide/004-Quantum_Algorithms/110-Shor's_algorithm.html"
}

@online{lattice,
    author    = "Dong Pyo Chi, Jeong Woon Choi, Jeong San Kim and Taewan Kim",
    title     = "Lattice Based Cryptography for Beginners",
    url       = "https://eprint.iacr.org/2015/938.pdf"
}

@online{nistplan,
    author    = "NIST",
    title     = "Post-Quantum Cryptography: NIST's plan for the future",
    url       = "https://csrc.nist.gov/csrc/media/projects/post-quantum-cryptography/documents/pqcrypto-2016-presentation.pdf"
}

@book{textbook,
  author      = "William Stallings",
  title       = "Cryptography and Network Security",
  subtitle    = "Principals and Practices",
  edition     = "6",
  publisher   = "Pearson"
}

@book{grovers,
  author      = "Markus Grassl, Brandon Langenberg, Martin Roetteler and Rainer Steinwandt",
  title       = "Applying Grover’s algorithm to AES: quantum resource estimates"
}
